<record><leader>00000cas a2200000 a 4500</leader><controlfield tag="001">36921299</controlfield><controlfield tag="008">970516d196u1963fludn ne      0    0eng c</controlfield><datafield ind1=" " ind2=" " tag="010"><subfield code="a">sn 97027800 </subfield></datafield><datafield ind1=" " ind2=" " tag="040"><subfield code="a">FUG</subfield><subfield code="b">eng</subfield><subfield code="c">FUG</subfield><subfield code="d">OCLCQ</subfield><subfield code="d">OCLCF</subfield><subfield code="d">OCLCO</subfield></datafield><datafield ind1="1" ind2=" " tag="029"><subfield code="a">AU@</subfield><subfield code="b">000013250363</subfield></datafield><datafield ind1=" " ind2=" " tag="042"><subfield code="a">pcc</subfield></datafield><datafield ind1=" " ind2=" " tag="043"><subfield code="a">n-us-fl</subfield></datafield><datafield ind1="0" ind2="0" tag="245"><subfield code="a">Bradenton morning call.</subfield></datafield><datafield ind1="1" ind2=" " tag="246"><subfield code="i">Issued on Sunday as:</subfield><subfield code="a">Bradenton Sunday call</subfield></datafield><datafield ind1="1" ind2="7" tag="246"><subfield code="a">Bradenton call</subfield></datafield><datafield ind1=" " ind2=" " tag="260"><subfield code="a">Bradenton, Fla. :</subfield><subfield code="b">Sarasota News Corp.,</subfield><subfield code="c">-1963.</subfield></datafield><datafield ind1=" " ind2=" " tag="300"><subfield code="a">1 v. :</subfield><subfield code="b">ill. ;</subfield><subfield code="c">58 cm.</subfield></datafield><datafield ind1=" " ind2=" " tag="310"><subfield code="a">Daily (except Saturday),</subfield><subfield code="b">-June 1963</subfield></datafield><datafield ind1=" " ind2=" " tag="321"><subfield code="a">Daily (except Sunday),</subfield><subfield code="b">&lt;Jan. 1963&gt;-</subfield></datafield><datafield ind1="0" ind2=" " tag="362"><subfield code="a">-v. 1, no. 278 (June 14, 1963).</subfield></datafield><datafield ind1=" " ind2=" " tag="500"><subfield code="a">"Manatee County's GREAT family newspaper."</subfield></datafield><datafield ind1=" " ind2=" " tag="588"><subfield code="a">Description based on: Vol. 1, no. 138 (Jan. 1, 1963).</subfield></datafield><datafield ind1=" " ind2="0" tag="651"><subfield code="a">Bradenton (Fla.)</subfield><subfield code="v">Newspapers.</subfield></datafield><datafield ind1=" " ind2="0" tag="651"><subfield code="a">Manatee County (Fla.)</subfield><subfield code="v">Newspapers.</subfield></datafield><datafield ind1=" " ind2="7" tag="655"><subfield code="a">Newspapers.</subfield><subfield code="2">fast</subfield><subfield code="0">(OCoLC)fst01423814</subfield></datafield><datafield ind1=" " ind2="7" tag="651"><subfield code="a">Florida</subfield><subfield code="z">Bradenton.</subfield><subfield code="2">fast</subfield><subfield code="0">(OCoLC)fst01213369</subfield></datafield><datafield ind1=" " ind2="7" tag="651"><subfield code="a">Florida</subfield><subfield code="z">Manatee County.</subfield><subfield code="2">fast</subfield><subfield code="0">(OCoLC)fst01211771</subfield></datafield><datafield ind1=" " ind2=" " tag="752"><subfield code="a">United States</subfield><subfield code="b">Florida</subfield><subfield code="c">Manatee</subfield><subfield code="d">Bradenton.</subfield></datafield><datafield ind1="0" ind2="0" tag="785"><subfield code="t">Manatee County call</subfield><subfield code="w">(DLC)sn 97027801</subfield><subfield code="w">(OCoLC)36921300</subfield></datafield></record>